% This file was created with JabRef 2.8.
% Encoding: UTF8
\usepackage{natbib}
%%%%%%                    CITAS LEO                       %%%%%%%
@article{Calidadd,
  title={Colombia tiene con qué defenderse: la calidad del café.- Gerente General FNC - Federación Nacional de Cafeteros},
  author={},
  year={2019}
}

@article{Beneficio,
  title={Beneficio del caf{\'e} en Colombia : Prácticas y estrategias para el ahorro uso eficiente del agua y el control de la contaminación hídrica en el proceso de beneficio húmedo del caf{\'e}},
  author={N. RODRIGUEZ V.},
  year={2015}
}

@article{Origen,
  title={Especificaciones de origen y buena calidad del caf{\'e} de Colombia },
  author={Centro Nacional de Investigaciones de Café (Cenicaf{\'e}),G.I. PUERTA Q.},
  year={2013}
}

@article{Crecimiento,
  title={Sistemas de producción de caf{\'e} en Colombia},
  author={Centro Nacional de Investigaciones de Café (Cenicaf{\'e}),Jaime Arcila Pulgarín},
  year={2007}
}

@article{Cosecha,
  title={Estudio sobre cosecha de caf{\'e} y mano de obra en Palestina Caldas},
  author={Centro Nacional de Investigaciones de Café (Cenicaf{\'e}),H. DUQUE O.},
  year={2000}
}

@article{Tostado,
  title={Un buen caf{\'e}: una simbiosis de color y sabor},
  author={Jim{\'e}nez-Ariza, Heidi Tatiana and Diezma, B and Correa, EC},
  year={2011}
}

@article{TuesteTemp,
  title={INFLUENCIA DE LA TEMPERATURA DE TUESTE EN LA CALIDAD SENSORIAL DEL CAF{\'E} TYPICA DEL SECTOR MANDOR ALTO-FUNDO YANAY},
  author={Ugarte, Rossmery Quispe and Castillo, Mar{\'\i}a Teresa Madera},
  year={2014}
}


%%%%%%%% CITAS BRENDA %%%%%%%%
@article{puerta1999influencia,
  title={Influencia del proceso de beneficio en la calidad del caf{\'e}},
  author={PUERTA, Gloia In{\'e}s},
  year={1999}
}

@article{puerta2016calidad,
  title={Calidad f{\'\i}sica del caf{\'e} de varias regiones de Colombia seg{\'u}n altitud suelos y buenas pr{\'a}cticas de beneficio},
  author={Puerta, GI},
  year={2016}
}

@article{ramalakshmi2007physicochemical,
  title={Physicochemical characteristics of green coffee: Comparison of graded and defective beans},
  author={Ramalakshmi, K and Kubra, I Rahath and Rao, L Jagan Mohan},
  journal={Journal of food science},
  year={2007}
}

@article{leroy2006genetics,
  title={Genetics of coffee quality},
  author={Leroy, Thierry and Ribeyre, Fabienne and Bertrand, Ben{\'o}it and Charmetant, Pierre and Dufour, Magali and Montagnon, Christophe and Marraccini, Pierre and Pot, David},
  year={2006}
}

@article{herrera2011colorimetria,
  title={Colorimetr{\'\i}a del fruto de caf{\'e} (Coffea arabica L.) durante su desarrollo y maduraci{\'o}n},
  author={Herrera, Jos{\'e} Jaime Carvajal and Torres, Iv{\'a}n Dar{\'\i}o Aristiz{\'a}bal and Tasc{\'o}n, Carlos Eugenio Oliveros and Montoya, Jhon Wilson Mej{\'\i}a},
  year={2011}
}

@article{wallelign2019coffee,
  title={Coffee Grading with Convolutional Neural Networks using Small Datasets with High Variance},
  author={Wallelign, Serawork and Polceanu, Mihai and Jemal, Towfik and Buche, C{\'e}dric},
  year={2019},
  publisher={V{\'a}clav Skala-UNION Agency}
}

@misc{resolucion,
  title={Resolución 02 de 2016, Normas de calidad del café verde en almendra para exportación},
  volume={2},
  year={2016}
}

@techreport{puerta2001como,
  title={C{\'o}mo garantizar la buena calidad de la bebida del caf{\'e} y evitar los defectos},
  author={Puerta, GI},
  year={2001},
  institution={Centro Nacional de Investigaciones de Caf{\'e} (Cenicaf{\'e})}
}


 %%%%%%% citas esteban %%%%%%%
@article{pastor2006sistema,
  title={Sistema de clasificaci{\'o}n de papas Capiro y Canch{\'a}n teniendo en cuenta su forma, tama{\~n}o y da{\~n}os mec{\'a}nicos},
  author={Pastor Torres, Doris Dixie},
  year={2006}
}

@article{blasco2007computer,
  title={Computer vision detection of peel defects in citrus by means of a region oriented segmentation algorithm},
  author={Blasco, Jos{\'e} and Aleixos, Nuria and Molt{\'o}, Enrique},
  journal={Journal of Food Engineering},
  volume={81},
  number={3},
  pages={535--543},
  year={2007},
  publisher={Elsevier}
}

@article{sanchez2018analisis,
  title={An{\'a}lisis de im{\'a}genes multiespectrales para la detecci{\'o}n de cultivos y detecci{\'o}n de plagas y enfermedades en la producci{\'o}n de caf{\'e}},
  author={S{\'a}nchez-M{\'e}ndez, Arely Guadalupe and Arguijo-Hern{\'a}ndez, Sim{\'o}n Pedro},
  journal={Research in Computing Science},
  volume={147},
  pages={309--317},
  year={2018}
}

@article{suarez2019modelo,
  title={Modelo de aprendizaje autom{\'a}tico para la predicci{\'o}n de la calidad del caf{\'e}},
  author={Su{\'a}rez Pe{\~n}a, Javier Andr{\'e}s and others},
  year={2019}
}

@article{perezsistema,
  title={Sistema Rob{\'o}tico de Navegaci{\'o}n Aut{\'o}noma, Para la Recolecci{\'o}n y Clasificaci{\'o}n de Granos De Caf{\'e} Utilizando Visi{\'o}n Artificial (ITMRobotCoffee).},
  author={P{\'e}rez, Andr{\'e}s and Vega, Laura and Moreno, Hair and Londo{\~n}o, V{\'\i}ctor and Arias, Rub{\'e}n and Villegas, Juan and Arias, Alexander and Serna, Sergio and Madrigal, Carlos}
}

@article{viera2017procesamiento,
  title={Procesamiento de im{\'a}genes usando OpenCV aplicado en Raspberry Pi para la clasificaci{\'o}n del cacao},
  author={Viera Maza, Gabriela Isamar},
  year={2017},
  publisher={Universidad de Piura}
}